@article{iyengar24hours,
  title={Hours of Local Cohomology},
  author={Iyengar, Srikanth and Leykin, Anton and Leuschke, Graham and Miller, Claudia and Miller, Ezra and Singh, Anurag K and Walther, Uli},
  journal={Graduate Studies in Mathematics},
  volume={87},
  year={24}
}

@article{blickle,
  title={The intersection homology D--module in finite characteristic},
  author={Blickle, Manuel},
  journal={Mathematische Annalen},
  volume={328},
  pages={425--450},
  year={2004},
  publisher={Springer}
}

@incollection{walther2021local,
  title={Local cohomologyâ€”an invitation},
  author={Walther, Uli and Zhang, Wenliang},
  booktitle={Commutative Algebra: Expository Papers Dedicated to David Eisenbud on the Occasion of his 75th Birthday},
  pages={773--858},
  year={2021},
  publisher={Springer}
}

@article{enescu2008frobenius,
  title={The Frobenius structure of local cohomology},
  author={Enescu, Florian and Hochster, Melvin},
  journal={Algebra \& Number Theory},
  volume={2},
  number={7},
  pages={721--754},
  year={2008},
  publisher={Mathematical Sciences Publishers}
}

@article{zhangintroduction,
  title={Introduction to Local Cohomology and Frobenius},
  author={Zhang, Wenliang}
}

@article{lyubeznik2000finiteness,
  title={Finiteness properties of local cohomology modules: a characteristic-free approach},
  author={Lyubeznik, Gennady},
  journal={Journal of Pure and Applied Algebra},
  volume={151},
  number={1},
  pages={43--50},
  year={2000},
  publisher={Elsevier}
}

@mastersthesis{quingles,
  title={Finiteness properties of local cohomology modules},
  author={Quingles Dav{\'\i}, Guillem},
  year={2022},
  school={Universitat Polit{\`e}cnica de Catalunya}
}

@article{hartshorne1977local,
  title={Local cohomological dimension in characteristic p},
  author={Hartshorne, Robin and Speiser, Robert},
  journal={Annals of Mathematics},
  volume={105},
  number={1},
  pages={45--79},
  year={1977},
  publisher={JSTOR}
}

@article{lyu97,
  title={F-modules: applications to local cohomology and D-modules in characteristic p> 0.},
  author={Lyubeznik, Gennady},
  year={1997},
  publisher={Walter de Gruyter, Berlin/New York Berlin, New York}
}
